1852 3178
799 155 945 192 CARM.
970 154 997 192 I.

1592 149 1680 192 235

396 264 511 316 Quid
540 265 651 308 nos?
683 264 840 320 quibus
870 265 914 306 te
944 262 1037 306 vita
1068 262 1106 304 si
1138 261 1370 317 superstite

454 324 666 379 Iucunda,
698 323 737 366 si
767 324 919 366 contra
950 320 1126 379 gravis?

396 419 610 462 Utrumne
638 417 746 460 iussi
778 430 1084 473 persequemur
1115 415 1270 470 otium,

337 480 363 523 8
455 477 555 521 Non
586 477 708 520 dulce
739 477 784 518 ni
814 478 958 519 tecum
990 473 1151 517 simul?

395 596 467 639 An
497 596 613 638 hunc
643 594 855 649 laborem,
886 594 1031 635 mente
1061 592 1195 634 laturi
1227 590 1349 634 decet

456 655 550 706 Qua
580 654 693 697 ferre
723 668 812 696 non
843 652 987 696 mollis
1018 651 1167 695 viros?

393 749 615 800 Feremus,
645 750 690 790 et
719 750 763 790 te
794 748 863 790 vel
894 762 971 803 per
1001 745 1182 801 Alpium
1214 745 1319 802 iuga

309 810 364 852 12
454 808 772 863 Inhospitalem
803 809 847 850 et
877 806 1136 861 Caucasum,

394 926 478 969 Vel
510 925 746 969 occidentis
778 939 913 981 usque
946 923 999 966 ad
1030 923 1232 966 ultimum
1264 921 1406 964 sinum

453 985 578 1028 Forti
610 999 838 1040 sequemur
868 986 1056 1040 pectore.

395 1080 542 1136 Roges
574 1082 698 1122 tuum
729 1079 879 1122 labore
911 1078 1015 1134 quid
1046 1077 1190 1120 iuvem
1221 1090 1337 1131 meo,

310 1140 364 1183 16
454 1139 634 1182 Inbellis
667 1153 716 1181 ac
746 1138 897 1181 firmus
928 1136 1111 1193 parum?

394 1256 552 1301 Comes
584 1257 751 1299 minore
783 1271 879 1299 sum
910 1255 1082 1298 futurus
1114 1255 1160 1297 in
1191 1256 1328 1309 metu,

455 1315 538 1367 Qui
568 1316 709 1359 maior
740 1315 932 1358 absentis
964 1314 1114 1357 habet:

393 1410 456 1454 Ut
487 1410 679 1454 assidens
711 1409 993 1465 implumibus
1024 1408 1158 1464 pullis
1191 1407 1283 1450 avis

307 1471 366 1513 20
457 1469 734 1526 Serpentium
765 1469 971 1525 adlapsus
1003 1468 1130 1511 timet

395 1599 538 1656 Magis
569 1599 750 1654 relictis,
782 1613 872 1641 non
902 1600 952 1640 ut
983 1598 1098 1641 adsit
1130 1596 1263 1639 auxili

454 1658 617 1701 Latura
647 1659 745 1714 plus
778 1658 1092 1714 praesentibus.

395 1752 604 1795 Libenter
632 1753 717 1795 hoc
749 1754 793 1795 et
824 1765 951 1795 omne
981 1750 1242 1794 militabitur

311 1812 370 1856 24
458 1811 631 1854 Bellum
662 1812 708 1854 in
738 1814 839 1854 tuae
871 1825 993 1866 spem
1026 1810 1214 1867 gratiae:

160 1945 194 1978 5.
225 1941 325 1987 Quid
348 1939 442 1976 nos?
477 1939 563 1976 Und
587 1939 675 1975 ich?
711 1938 768 1974 Im
791 1937 864 1975 fol-

111 1988 259 2036 genden
279 1988 404 2024 haben
423 1986 492 2023 wir
511 1986 594 2023 eine
617 1985 756 2022 leichte
774 1985 864 2021 Tra-

106 2036 242 2083 jektio,
267 2035 344 2072 ffir:
376 2035 510 2082 quibus
532 2035 631 2079 vita,
661 2037 695 2070 te
719 2034 753 2070 si
779 2035 862 2078 (est)

110 2083 518 2138 superatam-iucunda
537 2084 641 2137 (2803
675 2082 719 2135 si·
734 2084 865 2117 contra

111 2131 691 2224 ssffggnfflffissfivffiessm“
708 2140 762 2164 ¹¹³
781 2129 862 2165 ⁶¹²*

165 2229 198 2261 7.
223 2235 269 2260 ‘ne
292 2224 405 2269 wohl,
427 2225 522 2260 iussi
545 2225 617 2260 wie
643 2223 694 2259 du
716 2234 756 2259 es
782 2233 863 2259 ver-

115 2273 260 2318 langst3
298 2272 342 2307 Μ’
378 2275 495 2307 tecum
529 2271 640 2307 simul
675 2270 863 2306 natiirlich

115 2321 305 2365 futurum,
337 2320 460 2364 (wenn
490 2317 555 2354 ich
586 2317 639 2353 sie
664 2316 771 2353 nicht
793 2316 865 2352 mit

118 2366 177 2402 dir
203 2365 374 2412 zugleich
398 2364 522 2400 haben
549 2364 647 2409 soll‚)
672 2364 779 2400 nicht
796 2365 866 2401 erit

115 2414 193 2450 und
217 2413 315 2449 noch
340 2411 508 2467 weniger
524 2422 793 2467 persequemur.

116 2459 616 2564 ..afflewzzuf‘zzssz‘zsss’
639 2458 759 2541 333¹·
771 2469 867 2541 5222·-

116 2553 695 2649 {elffffmffssxssffiffi
713 2564 762 2635 ἔξ
769 2563 868 2636 ἔαῖῖὲ

118 2650 277 2686 laborem
296 2659 564 2695 persequemur.
602 2647 748 2683 Andere
774 2647 866 2683 neh·

119 2707 207 2732 men
231 2696 348 2732 laturi
371 2696 439 2749 fiir·
462 2696 635 2740 feremus,
667 2695 744 2730 und
771 2695 868 2730 thun

122 2743 189 2779 der
207 2743 373 2788 Sprache
392 2753 463 2778 me
484 2743 570 2778 dem
582 2742 698 2778 Vei-se
720 2741 868 2777 Gewalt

122 2801 187 2826 an:
205 2789 307 2825 kann
327 2789 423 2824 auch
441 2790 593 2833 fuimus
605 2789 664 2825 fi'ir
683 2800 755 2833 ero,
769 2789 869 2824 kann

122 2837 287 2873 amaturi
298 2835 359 2871 fur
372 2837 576 2872 amabimus
590 2836 724 2873 stehn?
745 2836 870 2872 Mente

122 2884 194 2919 mit
218 2882 474 2938 ‚Geisteskraft
511 2884 588 2928 (IV.
621 2887 653 2919 4.
679 2884 758 2929 25),
794 2894 870 2919 ‘non

122 2931 244 2968 mollis
267 2930 425 2966 Litotes.

986 1941 1041 1973 11.
1082 1937 1239 1980 feremus
1281 1935 1320 1971 in
1363 1934 1578 1980 Beziehung
1619 1932 1689 1969 auf

935 1989 1050 2021 mente
1087 1985 1204 2021 laturi
1239 1994 1315 2030 qua
1345 1983 1460 2026 decet,
1496 1991 1686 2027 sequemur

935 2033 977 2067 in
1028 2032 1244 2077 Beziehung
1298 2030 1366 2067 auf
1414 2040 1684 2076 persequemur.-

936 2080 1152 2116 chiastisch.
1212 2078 1277 2115 Vel
1312 2078 1368 2114 vel
1404 2076 1522 2113 selbst
1557 2076 1685 2120 selbst,

935 2126 1205 2173 anaphorisch3
1224 2126 1480 2171 inhospitalem
1498 2122 1570 2160 wie
1583 2123 1610 2159 I.
1625 2127 1684 2160 22.

935 2178 973 2218 6,
994 2176 1100 2211 sinus
1125 2172 1397 2210 Meeresbucht.

986 2226 1041 2257 16.
1067 2221 1111 2258 11.
1137 2220 1184 2256 ΙΙ.
1211 2223 1298 2256 201:
1331 2217 1375 2256 σὺ
1405 2215 1445 2255 δ’
1473 2216 1685 2265 ἀπτόλεμος

935 2270 1001 2305 καὶ
1026 2266 1195 2310 ἄναλκις.

986 2320 1041 2351 18.
1067 2317 1172 2352 habet
1198 2313 1287 2360 ἔχει,
1311 2312 1541 2349 beherrscht.

987 2367 1043 2399 19.
1069 2363 1234 2399 assidens
1263 2360 1500 2405 ausmalend,
1533 2360 1592 2395 stit
1617 2359 1685 2395 das

938 2409 1127 2446 einfache:
1147 2421 1217 2456 per
1241 2410 1282 2445 id
1306 2409 1489 2454 temporis,
1514 2418 1596 2443 cum
1619 2408 1687 2443 im·

934 2458 1072 2504 plumis
1095 2457 1202 2494 habet
1221 2457 1356 2502 pullos.
1395 2455 1481 2501 Vgl.
1509 2458 1540 2491 5.
1563 2458 1608 2490 69
1628 2455 1686 2490 in-

937 2506 1082 2541 dormit.
1132 2504 1205 2540 Zur
1230 2504 1349 2539 Sache
1374 2502 1418 2538 11.
1444 2502 1490 2538 II.
1512 2506 1583 2538 308
1604 2501 1643 2537 ff.

985 2556 1043 2588 21.
1074 2552 1212 2588 relictis
1242 2550 1374 2586 Dativ:
1408 2561 1519 2586 wenn
1556 2560 1596 2585 er
1633 2549 1687 2585 sie

939 2599 1090 2643 einmal,
1121 2601 1219 2635 etwa
1243 2609 1307 2633 um
1331 2598 1466 2633 Futter
1490 2609 1535 2632 zu
1560 2597 1685 2640 bolen,

939 2647 1128 2682 verlassen
1164 2643 1308 2682 musste.
1370 2644 1416 2680 Ut
1452 2645 1551 2680 adsit
1591 2644 1687 2680 ohne

940 2691 1017 2729 dass
1043 2704 1084 2728 er
1103 2691 1341 2739 gleichwohl‚
1367 2693 1509 2738 gesetzt
1530 2702 1570 2727 er
1590 2693 1687 2725 ware

942 2741 1007 2785 da,
1041 2741 1241 2786 gewahren
1265 2740 1408 2774 wr‘irde:
1434 2738 1689 2783 praesentibus

942 2788 1078 2823 nimmt
1109 2788 1181 2824 den
1205 2786 1350 2832 Begriff
1377 2797 1450 2821 von
1478 2785 1576 2820 adsit
1600 2783 1687 2818 wie-

943 2834 1010 2871 der
1034 2835 1114 2879 auf,
1146 2835 1223 2870 und
1253 2835 1305 2869 ist
1336 2844 1363 2868 S.
1390 2843 1425 2868 v.
1452 2841 1483 2867 a.
1509 2830 1623 2866 ihnen
1648 2830 1689 2865 in

943 2883 1085 2918 diesem
1110 2881 1227 2917 Falle.

991 2933 1049 2965 23.
1062 2929 1284 2965 militabitur
1296 2928 1335 2970 (a
1349 2929 1418 2970 me)
1428 2925 1557 2961 bellum
1572 2924 1687 2960 etwa:
